@Misc{SM,
note = {See Supplemental Material at, which includes Refs.~.},
url = {...}
}

@misc{OpenStreetMap,
   author = {{OpenStreetMap contributors}},
   title = {{Planet dump retrieved from https://planet.osm.org}},
   howpublished = "\url{ https://www.openstreetmap.org}",
   year = {2019},
 }

@misc{GoogleDirections,
   author = {{Google}},
   title = {{Google Directions API}},
   howpublished = "\url{ https://developers.google.com/maps/documentation/directions/start}",
   year = {2019},
 }
 
@Article{Andrade2009,
author= "J. S. \mbox{Andrade Jr} and E. A. Oliveira and A. A. Moreira and H. J. Herrmann",
title= "Fracturing the optimal paths",
journal= "Phys. Rev. Lett.",
volume= "103",
pages= "225503",
year= "2009"
}

@Article{Chang1991,
author= "I. Chang and A. Aharony",
title= "Flory approximation for self-avoiding walks near the theta-point on fractal structures",
journal= "J. Phys. I",
volume= "1",
pages= "313-316",
year= "1991"
}

@Article{Dijkstra1959,
author= "E. W. Dijkstra",
title= "A note on two problems in connexion with graphs",
journal= "Numer. Math.",
volume= "1",
pages= "269-271",
year= "1959"
}

@Book{deGennes1979,
author= "P.-G. \mbox{de Gennes}",
title= "Scaling concepts in polymer physics",
publisher= "Cornell University Press",
address = {Ithaca, New York},
year= "1979"
}

@TechReport{GlobalTrafficReport2018,
author = {T. Reed and J. Kidd},
title = {INRIX Global Traffic Scorecard 2018},
institution = {IRIX Research, United States},
year = {2018}
}


@article{Li2015,
author = {Li, Daqing and Fu, Bowen and Wang, Yunpeng and Lu, Guangquan and Berezin, Yehiel and Stanley, H Eugene and Havlin, Shlomo},
journal = {Proc. Natl. Acad. Sci. U. S. A.},
number = {3},
pages = {669--672},
title = {{Percolation transition in dynamical traffic network with evolving critical bottlenecks}},
volume = {112},
year = {2015}
}

@article{Wang2015,
author = {Wang, Feilong and Li, Daqing and Xu, Xiaoyun and Wu, Ruoqian and Havlin, Shlomo},
journal = {Epl},
number = {3},
title = {{Percolation properties in a traffic model}},
volume = {112},
year = {2015}
}



@Article{Poole1989,
author= "P. H. Poole and A. Coniglio and N. Jan and H. E. Stanley",
title= "Universality class of the $\theta$ and $\theta’$ points",
journal= "Phys. Rev. B",
volume= "39",
pages= "495-504",
year= "1989"
}

@Article{Schrenk2012,
author= "K. J. Schrenk and N. A. M. Ara\'{u}jo and J. S. \mbox{Andrade Jr} and H. J. Herrmann",
title= "Fracturing ranked surfaces",
journal= "Sci. Rep.",
volume= "2",
pages= "348",
year= "2012"
}

@Article{Sweet2014,
author= "M. Sweet",
title= "Traffic congestion’s economic impacts: Evidence from US metropolitan regions",
journal= "Urban Studies",
volume= "51",
pages= "2088-2110",
year= "2014"
}

@article{Zeng2019,
author = {Zeng, Guanwen and Li, Daqing and Guo, Shengmin and Gao, Liang and
Gao, Ziyou and {Eugene Stanley}, H. and Havlin, Shlomo},
journal = {Proc. Natl. Acad. Sci. U. S. A.},
number = {1},
pages = {23--28},
title = {{Switch between critical percolation modes in city traffic
dynamics}},
volume = {116},
year = {2019}
}



@Article{Oliveira2011,
  author    = {Oliveira, E. A. and Schrenk, K. J. and Araújo, N. A. M. and
  Herrmann, H. J. and Andrade, J. S.},
  title     = {Optimal-path cracks in correlated and uncorrelated lattices},
  journal   = {Phys. Rev. E},
  year      = {2011},
  volume    = {83},
  number    = {4},
  pages     = {046113},
  publisher = {American Physical Society},
  refid     = {10.1103/PhysRevE.83.046113},
}

@article{Wilkinson1983,
author = {Wilkinson, D. and Willemsen, J. F.},
journal = {J. Phys. A. Math. Gen.},
number = {14},
pages = {3365--3376},
title = {{Invasion percolation: A new form of percolation theory}},
volume = {16},
year = {1983}
}


@article{Gonzalez2008,
author = {Gonz{\'{a}}lez, Marta C and Hidalgo, C{\'{e}}sar A and Barab{\'{a}}si, Albert-L{\'{a}}szl{\'{o}}},
journal = {Nature},
pages = {779},
title = {{Understanding individual human mobility patterns}},
volume = {453},
year = {2008}
}


@article{Colak2016,
author = {Colak, Serdar and Lima, Antonio and Gonz{\'{a}}lez, Marta C},
journal = {Nat. Commun.},
pages = {10793----},
title = {{Understanding congested travel in urban areas}},
volume = {7},
year = {2016}
}


@article{Olmos2018,
author = {Olmos, Luis E. and {\c{C}}olak, Serdar and Shafiei, Sajjad and Saberi, Meead and Gonz{\'{a}}lez, Marta C.},
journal = {Proc. Natl. Acad. Sci. U. S. A.},
keywords = {Directed percolation,Human mobility,Mobile phone,Nonequilibrium phase transition,Urban traffic gridlock},
number = {50},
pages = {12654--12661},
title = {{Macroscopic dynamics and the collapse of urban traffic}},
volume = {115},
year = {2018}
}


@article{Barthelemy2011,
author = {Barth{\'{e}}lemy, Marc},
journal = {Phys. Rep.},
number = {1},
pages = {1--101},
title = {{Spatial networks}},
volume = {499},
year = {2011}
}


@article{Buldyrev2004,
author = {Buldyrev, Sergey V and Havlin, Shlomo and Lopez, Eduardo and Stanley, H Eugene},
doi = {10.1103/PhysRevE.70.035102},
file = {:mnt/data/GoogleD/Documents/Papers/2004/Sergey2004.pdf:pdf},
journal = {Phys. Rev. E},
mendeley-groups = {Opc},
number = {3},
pages = {35102(R)},
publisher = {American Physical Society},
title = {{Universality of the optimal path in the strong disorder limit}},
url = {http://link.aps.org/doi/10.1103/PhysRevE.70.035102},
volume = {70},
year = {2004}
}




@article{Wu2005,
author = {Wu, Zhenhua and Lopez, Eduardo and Buldyrev, Sergey V and Braunstein, Lidia A and Havlin, Shlomo and Stanley, H Eugene},
journal = {Phys. Rev. E},
number = {4},
pages = {45101(R)},
title = {{Current flow in random resistor networks: The role of percolation in weak and strong disorder}},
volume = {71},
year = {2005}
}


@article{Buldyrev2006,
author = {Buldyrev, Sergey V. and Havlin, Shlomo and Stanley, H. Eugene},
journal = {Phys. Rev. E},
number = {3},
pages = {036128},
title = {{Optimal paths in strong and weak disorder: A unified approach}},
volume = {73},
year = {2006}
}



@article{Louf2014,
author = {Louf, R{\'{e}}mi and Barthelemy, Marc},
journal = {Sci. Rep.},
pages = {1--9},
title = {{How congestion shapes cities: From mobility patterns to scaling}},
volume = {4},
year = {2014}
}



@article{Barthelemy2019,
author = {Barthelemy, Marc},
journal = {Nature Reviews Physics},
number = {6},
pages = {406--415},
publisher = {Springer US},
title = {{The statistical physics of cities}},
volume = {1},
year = {2019}
}


@article{Sole-Ribalta2018,
author = {Sol{\'{e}}-Ribalta, Albert and G{\'{o}}mez, Sergio and Arenas, Alex},
journal = {Networks Spat. Econ.},
keywords = {Congestion pricing,Traffic modelling,Urban systems},
number = {1},
pages = {33--50},
title = {{Decongestion of Urban Areas with Hotspot Pricing}},
volume = {18},
year = {2018}
}


@article{Zhu2015,
author = {Zhu, Shanjiang and Levinson, David},
journal = {PLoS One},
number = {8},
pages = {e0134322},
title = {{Do people use the shortest path? An empirical test of wardrop's first principle}},
volume = {10},
year = {2015}
}


@article{Lima2016,
author = {Lima, Antonio and Stanojevic, Rade and Papagiannaki, Dina and Rodriguez, Pablo and Gonzalez, Marta C},
journal = {J. R. Soc. Interface},
keywords = {human mobility; complex systems; transportation; city science},
month = {mar},
number = {116},
publisher = {ROYAL SOC},
title = {{Understanding individual routing behaviour}},
type = {Article},
volume = {13},
year = {2016}
}


@article{Barbosa2018,
author = {Barbosa, Hugo and Barthelemy, Marc and Ghoshal, Gourab and James, Charlotte R. and Lenormand, Maxime and Louail, Thomas and Menezes, Ronaldo and Ramasco, Jos{\'{e}} J. and Simini, Filippo and Tomasini, Marcello},
journal = {Phys. Rep.},
keywords = {Human dynamics,Human mobility,Origin–destination matrices,Random walks},
pages = {1--74},
publisher = {Elsevier B.V.},
title = {{Human mobility: Models and applications}},
volume = {734},
year = {2018}
}


@article{Wang2012,
author = {Wang, Pu and Hunter, Timothy and Bayen, Alexandre M. and Schechtner, Katja and Gonz{\'{a}}lez, Marta C.},
journal = {Sci. Rep.},
title = {{Understanding road usage patterns in urban areas}},
volume = {2},
pages={1001},
year = {2012}
}

@article{Guo2019,
author = {Guo, Shengmin and Zhou, Dong and Fan, Jingfang and Tong, Qingfeng and Zhu, Tongyu and Lv, Weifeng and Li, Daqing and Havlin, Shlomo},
journal = {EPJ Data Sci.},
keywords = {Congestion propagation,Node importance,Traffic correlation network},
number = {1},
title = {{Identifying the most influential roads based on traffic correlation networks}},
volume = {8},
pages={28},
year = {2019}
}

@article{Zhang2019,
author = {Zhang, Limiao and Zeng, Guanwen and Li, Daqing and Huang, Hai Jun and {Eugene Stanley}, H. and Havlin, Shlomo},
journal = {Proc. Natl. Acad. Sci. U. S. A.},
keywords = {Complex systems,Resilience,Scaling laws,Spatiotemporal,Traffic congestion},
number = {18},
pages = {8673--8678},
title = {{Scale-free resilience of real traffic jams}},
volume = {116},
year = {2019}
}

@article{Cieplak1994,
author = {Cieplak, Marek and Maritan, Amos and Banavar, Jayanth R.},
doi = {10.1103/PhysRevLett.72.2320},
issn = {00319007},
journal = {Phys. Rev. Lett.},
number = {15},
pages = {2320--2323},
title = {{Optimal paths and domain walls in the strong disorder limit}},
volume = {72},
year = {1994}
}


@article{Cieplak1996,
author = {Cieplak, Marek and Maritan, Amos and Banavar, Jayanth R.},
doi = {10.1103/PhysRevLett.76.3754},
issn = {10797114},
journal = {Phys. Rev. Lett.},
number = {20},
pages = {3754--3757},
title = {{Invasion percolation and Eden growth: Geometry and universality}},
volume = {76},
year = {1996}
}

@article{Porto1997,
author = {Porto, Markus and Havlin, Shlomo and Schwarzer, Stefan and Bunde, Armin},
journal = {Phys. Rev. Lett.},
month = {nov},
number = {21},
pages = {4060--4062},
title = {{Optimal Path in Strong Disorder and Shortest Path in Invasion Percolation with Trapping}},
volume = {79},
year = {1997}
}

@article{Porto1999,
author = {Porto, Markus and Schwartz, Nehemia and Havlin, Shlomo and Bunde, Armin},
journal = {Phys. Rev. E},
number = {3},
pages = {R2448--R2451},
title = {{Optimal paths in disordered media: Scaling of the crossover from self-similar to self-affine behavior}},
volume = {60},
year = {1999}
}

@article{Dobrin2001,
author = {Dobrin, R. and Duxbury, P. M.},
issn = {00319007},
journal = {Phys. Rev. Lett.},
number = {22},
pages = {5076--5079},
title = {{Minimum spanning trees on random networks}},
volume = {86},
year = {2001}
}

